<?xml version="1.0" encoding="UTF-8"?><record xmlns="http://www.loc.gov/MARC21/slim" xmlns:cinclude="http://apache.org/cocoon/include/1.0" xmlns:zs="http://www.loc.gov/zing/srw/">
  <leader>00459nz  a2200145n  4500</leader>
  <controlfield tag="001">no2011026202</controlfield>
  <controlfield tag="003">DLC</controlfield>
  <controlfield tag="005">20110219075330.0</controlfield>
  <controlfield tag="008">110217n| acannaabn          |n aaa     c</controlfield>
  <datafield tag="010" ind1=" " ind2=" ">
    <subfield code="a">no2011026202</subfield>
  </datafield>
  <datafield tag="035" ind1=" " ind2=" ">
    <subfield code="a">(OCoLC)oca08772395</subfield>
  </datafield>
  <datafield tag="040" ind1=" " ind2=" ">
    <subfield code="a">AkU</subfield>
    <subfield code="b">eng</subfield>
    <subfield code="c">AkU</subfield>
  </datafield>
  <datafield tag="100" ind1="1" ind2=" ">
    <subfield code="a">Cyr, Paul A.</subfield>
  </datafield>
  <datafield tag="670" ind1=" " ind2=" ">
    <subfield code="a">Estimates of commercial and sport harvest ... 1999:</subfield>
    <subfield code="b">t.p. (Paul A. Cyr)</subfield>
  </datafield>
  <datafield tag="670" ind1=" " ind2=" ">
    <subfield code="a">Annual management report for the recreational fisheries ... 1995:</subfield>
    <subfield code="b">t.p. (Paul Cyr)</subfield>
  </datafield>
</record>